<record><leader>00000cas a22000007a 4500</leader><controlfield tag="001">16998157</controlfield><controlfield tag="008">871118c19239999txuwr ne      0    0eng d</controlfield><datafield ind1=" " ind2=" " tag="010"><subfield code="a">sn 87091201 </subfield></datafield><datafield ind1=" " ind2=" " tag="040"><subfield code="a">PPM</subfield><subfield code="b">eng</subfield><subfield code="c">PPM</subfield><subfield code="d">OCLCQ</subfield></datafield><datafield ind1=" " ind2=" " tag="042"><subfield code="a">msc</subfield></datafield><datafield ind1="0" ind2=" " tag="130"><subfield code="a">Dublin progress (Dublin, Tex. : 1923)</subfield></datafield><datafield ind1="1" ind2="4" tag="245"><subfield code="a">The Dublin progress.</subfield></datafield><datafield ind1=" " ind2=" " tag="260"><subfield code="a">Dublin, Tex. :</subfield><subfield code="b">J.S. Daley</subfield></datafield><datafield ind1=" " ind2=" " tag="310"><subfield code="a">Weekly</subfield></datafield><datafield ind1="1" ind2=" " tag="362"><subfield code="a">Began in 1923?</subfield></datafield><datafield ind1=" " ind2=" " tag="588"><subfield code="a">Description based on: Vol. 35, no. 52 (June 18, 1923).</subfield></datafield><datafield ind1=" " ind2=" " tag="752"><subfield code="a">United States</subfield><subfield code="b">Texas</subfield><subfield code="c">Erath</subfield><subfield code="d">Dublin.</subfield></datafield><datafield ind1="0" ind2="0" tag="780"><subfield code="t">Dublin progress and telephone</subfield></datafield></record>